%DIPOLE BLOCKADE
	@article{LukinZoller2001,
		author={M. D. Lukin and M. Fleischhauer and R. Cote and L. M. Duan and D. Jaksch and J. I. Cirac and P. Zoller},
		title={Dipole Blockade and Quantum Information Processing in Mesoscopic Atomic Ensembles},
		journal={Phys. Rev. Lett.},
		volume={87},
		year={2001},
		pages={037901}}

   	@article{VogtPillet2006,
		author={Thibault Vogt and Matthieu Viteau and Jianming Zhao and Amodsen Chotia and Daniel Comparat and Pierre Pillet},
		title={ Dipole Blockade at F\"orster Resonances in High Resolution Laser Excitation of Rydberg States of Cesium Atoms},
		journal={Phys. Rev. Lett.},
		volume={97},
		year={2006},
		pages={083003}}

	@article{SingerWeidemueller2004,
		author={Kilian Singer and Markus Reetz-Lamour and Thomas Amthor and Luis Gustavo Marcassa and Matthias Weidem�ller},
		title={Suppression of Excitation and Spectral Broadening Induced by Interactions in a Cold Gas of Rydberg Atoms},
		journal={Phys. Rev. Lett.},
		volume={93},
		year={2004},
		pages={163001}}

	@article{TongGould2004,
		author={D. Tong and S. M. Farooqi and J. Stanojevic and S. Krishnan and Y. P. Zhang and R. C�t� and E. E. Eyler and P. L. Gould},
		title={Local Blockade of Rydberg Excitation in an Ultracold Gas},
		journal={Phys. Rev. Lett.},
		volume={93},
		year={2004},
		pages={063004}}



%HETERONUCLEAR MOLECULES - PRODUCTION, SPECTRA
	@article{AllardErnst2006,
		author={O. Allard and J. Nagl and G. Auboeck and C. Callegari and W.E. Ernst},
		title={Investigation of {K}{R}b and {R}b2 formed on cold helium nanodroplets},
		journal={J.Phys.B: At. Mol. Opt. Phys.},
		volume={39},
		year={2006},
		pages={S1169}}

	@article{AymarDulieu2005,
		author = "M. Aymar and O. Dulieu",
		title = "Calculation of accurate permanent dipole moments of the lowest {$^{1,3}\Sigma^+$} 	states of 	heteronuclear alkali dimers using extended basis sets",	
		journal = "J. Chem. Phys.",
		volume = "122",
		year = "2005",
		pages = "204302"}

	@article{AymarDulieu2007,
		author = "M. Aymar and O. Dulieu",
		title = "Calculations of transition and permanent dipole moments of heteronuclear alkali dimers {N}a{K}, {N}a{R}b and {N}a{C}s",	
		journal = "Molecular Physics",
		volume = "105",
		year = "2007",
		pages = "1733"}

	@article{AziziDulieu2004,
		author={S. Azizi and M. Aymar and O. Dulieu},
		title={Prospects for the formation of ultracold ground state polar molecules from mixed alkali atom pairs},
		journal={Eur. Phys. J. D},
		volume={31},
		year={2004},
		pages={195}}

	@article{BergemanDemille2004,
		author={T. Bergeman and A.J. Kerman and J. Sage and S. Sainis and D. DeMille},
		title={Prospects for production of ultracold {$X^1\Sigma^+$} {R}b{C}s molecules},
		journal={Eur. Phys. J. D},
		volume={31},
		year={2004},
		pages={179}}

@article{BeucErnst2006,
	author={R. Beuc and M. Movre and T. Ban and G. Pichler and M. Aymar and O. Dulieu and W. E. Ernst},
	title={Predictions for the observation of {K}{R}b spectra under cold conditions},
	journal={J. Phys. B: At. Mol. Opt. Phys},
	volume={39},
	year={2006},
	pages={S1191}}

@article{BhattacharyaBigelow2004,
	author={M. Bhattacharya and L.O. Baksmaty and S.B. Weiss and N.P.Bigelow},
	title={Feshbach resonance in {$^{23}{N}a-^{87}{R}b$}},
	journal={Eur. Phys. J. D},
	volume={31},
	year={2004},
	pages={301}}

@article{DocenkoTiemann2004,
	author={O. Docenko and M. Tamanis and R. Ferber and A. Pashov and H. Knoeckle and 	E. Tiemann},
	title={Spectroscopic studies of {N}a{C}s for the ground state asymptote of {N}a+{C}s pairs},
	journal={Eur. Phys. J. D},
	volume={31},
	year={2004},
	pages={205}}

@article{EgorovDoyle2004,
	author={D. Egorov and W.C. Campbell and B. Friedrich and S.E. Maxwell and E. Tsikata and L.D. van Buuren and J. M. Doyle},
	title={Buffer-gas colling of {N}{H} via the beam loaded buffer-gas method},
	journal={Eur. Phys. J. D},
	volume={31 },
	year={2004},
	pages={307}}

@article{ElioffChandler2004,
	author={M.S. Elioff and J.J. Valentini and D.W. Chandler},
	title={Formation of {N}{O} (j'=7.5) molecules with sub-{K}elvin translational energy via molecular beam collisions with argon using the technique of molecular	cooling by inelastic collisional energy-transfer},
	journal={Eur. Phys. J.D},
	volume={31},
	year={2004},
	pages={385}}

	@article{HaimbergerBigelow2004,
		author = {C. Haimberger and J. Kleinert and M. Bhattacharya and N. P. Bigelow},
		title = {Formation and detection of ultracold ground-state polar molecules},
		year = {2004},
		journal = {Phys. Rev. A},
		volume = {70},
		pages = {021402}}

	@article{InouyeJin2004,
		author = {S. Inouye and J. Goldwin and M. L. Olsen and C. Ticknor and J. L. Bohn and D. S. Jin},
		title = {Observation of Heteronuclear Feshbach Resonances in a Mixture of Bosons and Fermions},
		year = {2004},
		journal = {Phys. Rev. Lett.},	
		volume = {93},
		pages = {183201}}

	@article{KermanDeMille2004,
		author={A. J. Kerman and J. M. Sage and S. Sainis and T. Bergeman and D. DeMille},
		title={Production of ultracold, polar {R}b{C}s* molecules via photoassociation},
		journal={Phys. Rev. Lett.},
		volume={92},
		year={2004},
		pages={033004}}

	@article{KermanDeMille2004b,
		author={A. J. Kerman and J. M. Sage and S. Sainis and T. Bergeman and D. DeMille},
		title={Production and state-selective detection of ultracold {R}b{C}s molecules},
		journal={Phys. Rev. Lett.},
		volume={92},
		year={2004},
		pages={153001}}

@article{KochMasnouSeeuws2005,
	author={C.P. Koch and E. Luc-Koenig and F. Masnou-Seeuws},
	title={Making ultracold molecules in a two color pump-dump photoassociation scheme using chirped pulses},
	journal={Phys. Rev. A},
	year={2006},
	volume={73},
	pages={033408}}
@article{KotochigovaJulienne2004,
	author={S. Kotochigova and E. Tiesinga and P.S. Julienne},
	title={Photoassociative formation of ultracold polar {K}{R}b molecules},
	journal={Eur. Phys. J. D},
	volume={31},
	year={2004},
	pages={189}}
	
	@article{KotochigovaTiesinga2003,
		author={S. Kotochigova and P.S. Julienne and E. Tiesinga},
		title={Ab initio calculations of the {K}{R}b dipole moments},
		journal={Phys. Rev. A},
		volume={68},
		year={2003},
		pages={022501}}

	@article{ManciniMarcassa2004,
		author={M. W. Mancini and G.D. Telles and A. R. L. Caires and V.S. Bagnato and L.G. Marcassa},
		title={Observation of ultracold ground-state heteronuclear molecules},
		journal={Phys. Rev. Lett.},
		volume={92},
		year={2004},
		pages={133203}}

@article{MudrichWeidemueller2004,
	author={M. Mudrich and O. Buenermann and F. Stienkemeier and O. Dulieu and M. Weidemueller},
	title={Formation of cold bialkali dimers on helium nanodroplets},
	journal={Eur. Phys. J. D },
	volume={31 },
	year={2004},
	pages={291},
	month={October}}

	@article{SageDemille2005,
		author={J.M.Sage and S. Sainis and T. Bergeman and D. DeMille},
		title={Optical Production of Ultracold Polar Molecules},
		journal={Phys. Rev. Lett.},
		volume={94},
		year={2005},
		pages={203001},
		month={May}}

	@Article{SchloederZimmermann2001,
		author = {U. Schl\"oder and C. Silber and C. Zimmermann},	
		title = {Photoassociation of heteronuclear lithium},
		journal = {Appl. Phys. B},
		year = {2001},
		volume = {73},
		pages = {801}}

@article{SkenderovicPichler2002,
	author={H. Skenderovic and R. Beuc and T. Ban and G. Pichler},
	title={Blue satellite bands of {K}{R}b molecule: Intermediate long-range states},
	journal={Eur. Phys. J. D},
	volume={19},
	year={2002},
	pages={49}}

@article{TaylorJuarrosKirby2004,
	author={E. Taylor-Juarros and R. Cote and K. Kirby},
	title={Formation of ultracold polar molecules via Raman excitation},
	journal={Eur. Phys. J. D},
	volume={31},
	year={2004},
	pages={213}}

@article{WangStwalley1998,
	author={H. Wang and W.C. Stwalley},
	title={Ultracold phosotassociative spectroscopy of heteronuclear alkali-metal diatomic molecules},
	journal={J. Chem. Phys.},
	volume={108},
	year={1998},
	pages={5767}}

	@article{WangStwalley2004,
		author={D. Wang and J. Qi and M.F. Stone and O. Nikolayeva and B. Hattaway and S.D. Gensemer and H. Wang and W.T. Zemke and P.L Gould and E.E. Eyler and W.C.
		Stwalley},
		title={The photoassociative spectroscopy, photoassociative molecule formation, 	and trapping of ultracold {$^{39}K^{85}Rb$}},
		journal={Eur. Phys. J. D},
		volume={31},
		year={2004},
		pages={165}}

@article{WangStwalley2004b,
  author  = "D. Wang and J. Qi and M. F. Stone and O. Nikolayeva and H. Wang and B. Hattaway and S. D. Gensemer and P. L. Gould and E. E. Eyler and W. C. Stwalley",
  title  = "Photoassociative Production and Trapping of Ultracold {K}{R}b Molecules",
  journal = "Phys. Rev. Lett.",
  year    = "2004",
  volume  = "93",
  pages   = "243005"}

@article{WangStwalley2005,
	author={D. Wang and E.E. Eyler and P.L. Gould and W.C. Stwalley},
	title={State-selective detection of near-dissociation ultracold {K}{R}b $X^1\Sigma$ and $a^3\Sigma$ molecules},
	journal={Phys. Rev. A},
	volume={72},
	year={2005},
	pages={032502}}

@article{WangStwalley2006,
	author={D. Wang and E.E. Eyler and P.L. Gould and W.C. Stwalley},
	title={Spectra of ultracold {K}{R}b molecules in near-dissociation vibrational levels},
	journal={J. Phys. B: At. Mol. Opt. Phys.},
	volume={39},
	year={2006},
	pages={S849}}

@article{ZemkeStwalley2004,
	author={W.T. Zemke and W. C. Stwalley},
	title={Radiative Transition Probabilities, lifetimes, and dipole moments for the vibrational levels of the {$X^1\Sigma^+$} ground state of $^{39}{K}^{85}{R}b$},
	journal={J. Chem. Phys.},
	volume={120},
	year={2004},
	pages={88}}

@article{ZemkeStwalley2005,
	author={W.T. Zemke and R. Cote and W.C. Stwalley},
	title={Analysis of the {a$^3\Sigma^+$} state of {K}{R}b},
	journal={Phys. Rev. A},
	volume={71},
	year={2005},
	pages={062706}}

%HOMONUCLEAR MOLECULES
@article{DionPichler2002,
	author={C.M. Dion and O. Dulieu and D. Comparat and W. de Souza Melo and N. Vanhaecke
		and P. Pillet and R. Beuc and S. Milosevic and G. Pichler},
	title={Photoionization and detection of ultracold {C}s$_2$ molecules through diffuse bands},
	journal={Eur. Phys. J. D},
	volume={18},
	year={2002},
	pages={365}}
@article{EdvardssonMarian2003,
	author={D. Edvardsson and S. Lunell and C.M. Marian},
	title={Calculation of potential energy curves for ${R}b_2$ including relativistic effects},
	journal={Molecular Physics},
	volume={101},
	year={2003},
	pages={2381}}

	@article{FiorettiPillet1998,
		author = "A. Fioretti and D. Comparat and A. Crubellier and O. Dulieu and F. Masnou-Seeuws 	and P. Pillet",
		title = "Formation of Cold {C}s$_2$ Molecules through Photoassociation ",
		journal = "Phys. Rev. Lett.",
		volume = "80",
		year = "1998",
		pages = "4402"}

	@article{GabbaniniMazzoni2000,
		author = "C. Gabbanini and A. Fioretti and A. Lucchesini and S. Gozzini and M. Mazzoni",
		title = "Cold Rubidium Molecules Formed in a Magneto-Optical Trap",
		journal = "Phys. Rev. Lett.",
		volume = "84",
		year = "2000",
		pages = "2814"}

	@article{HuangStwalley2006,
		author = "Y. Huang and J. Qi and H.K. Pechkis and D. Wang and E.E. Eyler and P.L.	Gould and W.C. 	Stwalley",
		title = "Formation, detection and spectroscopy of ultracold {R}b2 in the ground {X$^1\Sigma^+_g$} state",
		journal = "J. Phys. B: At. Mol. Opt. Phys.",
		volume = "39",
		year = "2006",
		pages = "S857"}

@article{KokooulineMasnouSeeuws1999,
	author={V. Kokoouline and O. Dulieu and R. Kosloff and F. Masnou-SEeuws},
	title={Mapped Fourier methods for long-range molecules: Application of perturbations in the {{R}b$_2$ (${0}_u^+$)} photoassociation spectrum},
	journal={J. Chem. Phys. },
	volume={110},
	year={1999},
	pages={9865}}

	@article{NicholovGould1999,
		author = "A. N. Nicholov and E.E. Eyler and X.T. Wang and J. Li and H. Wang and W.C. Stwalley and P.L. 	Gould",
		title = "Observation of Ultracold Ground-State Potassium Molecules",
		journal = "Phys. Rev. Lett.",
		volume = "82",
		year = "1999",
		pages = "703"}

@article{ShapiroYe2007,
	author={E.A. Shapiro and M. Shapiro and A. Peer and J. Ye},
	title={Photoassociation adiabatic passage of ultracold {R}b atoms to form ultracold {R}b$_2$ molecules},
	journal={Phys. Rev. A},
	year={2007},
	volume={75},
	pages={013405}}

	@article{TakekoshiKnize1998,
		author={T. Takekoshi and B.M. Patterson and R.J. Knize},
		title={Observation of Optically Trapped Cold Cesium Molecules},
		journal={Phys. Rev. Lett.},
		year={1998},
		volume={81},
		pages={5105}}

@article{ThorsheimJulienne1987,
	author={H.R. Thorsheim and J. Weiner and P.S. Julienne},
	title={Laser-induced photoassociation of ultracold sodium atoms },
	journal={Phys. Rev. Lett.},
	volume={58},
	year={1987},
	pages={2420}}

	@article{VatasescuPillet2000,
		author={M. Vatasescu and O. Dulieu and C. Amiot and D. Comparat and C. Drag and 	V. Kokoouline and F. Masnou-Seeuws and P. Pillet},
		title={Multichannel tunneling in the {C}s$_2$ 0$_g^-$ photoassociation spectrum },
		journal={Phys. Rev. A},
		volume={61},
		year={2000},
		pages={044701}}

%MOLECULES - MISC
@article{AndreZoller2006,
	author={A. Andre and D. DeMille and J. M. Doyle and M. D. Lukin and E. Maxwell and
		P. Rabl and R. J. Schoelkopf and P. Zoller},
	title={Polar Molecules near superconducting resonators: A coherent, all-electrical, molecule-mesoscopic interface},
	journal={ArXiv:quant-ph},
	year={2006},
	pages={0605201},
	month={May}}
@article{BertelsenDrewsen2004,
	author={A. Bertelsen and I.S. Vogelius and S. Joergensen and R. Kosloff and M. Drewsen},
	title={Photo-dissociation of cold {M}g{H}+ ions},
	journal={Eur. Phys. J. D},
	volume={31},
	year={2004},
	pages={403}}
@article{BodoGianturco2004,
	author={E. Bodo and F.A. Gianturco},
	title={Features of chemical reactions at vanishing kinetic energy: the presence of internally "hot" reagents},
	journal={Eur. Phys. J. D},
	volume={31},
	year={2004},
	pages={423}}
@article{ChangSolar2003,
	author={B.Y. Chang and H. Rabitz and I.R. Sola},
	title={Light-induced trapping of molecular wave packets in the continuum},
	journal={Phys. Rev. A},
	volume={68},
	year={2003},
	pages={031402}}
@article{DeWittLewis1998,
	author = "M. J. DeWitt and R.J. Lewis",
	title = "Observing the Transition from a Multiphoton-Dominated to a Field-Mediated Ionization Process for Polyatomic Molecules in Intense Laser Fields",
	journal = "Phys. Rev. Lett.",
	volume = "81",
	year = "1998",
	pages = "5101"}
@article{DiRosa2004,
	author={M.D. Di Rosa},
	title={Laser-cooling molecules},
	journal={Eur. Phys. J. D},
	volume={31},
	year={2004},
	pages={395}}
@article{HutsonSoldan2006,
	author={J.M. Hutson and P. Soldan},
	title={Molecule formation in ultracold atomic gases},
	journal={Int. Rev. Phys. Chem.},
	year={2006},
	volume={25},
	pages={497}}
@article{InouyeJin2004,
	author={S. Inouye and J. Goldwin and M. L. Olsen and C. Ticknor and J. L. Bohn and D. S. Jin},
	title={Observation of heteronuclear {F}eshbach resonances in a mixture of bosons and fermions},
	journal={Phys. Rev. Lett.},
	volume={93},
	year={2004},
	pages={183201}}
@article{KimLeduc2004,
	author={J. Kim and U.D. Rapol and S. Moal and J. Leoard and M. Walhout and M. Leduc},
	title={Photoassociation experiments with ultracold metastable helium},
	journal={Eur. Phys. J. D},
	volume={31},
	year={2004},
	pages={227}}
@article{KlosSzczesniak2004,
	author={J. KLos and M.F. Rode and J. E. Rode and G. Chalasinski and M.M. Szczesniak},
	title={Interactions of transition metal atoms with He},
	journal={Eur. Phys. J. D},
	volume={31},
	year={2004},
	pages={429}}
@article{KochMasnouSeeuws2006,
	author={C.P. Koch and E. Luc-Koenig and F. Masnou-Seeuws},
	title={Making ultracold molecules in a two color pump-dump photoassociation scheme using chirped pulses},
	journal={Phys. Rev. A},
	year={2006},
	volume="73",
	pages={033408}}
@article{KoelemeirLeduc2004,
	author={J.C.J. Koelemeij and M. Leduc},
	title={Prospects for measurement and control of the scattering length of metastable helium using photoassociation techniques},
	journal={Eur. Phys. J. D},
	volume={31},
	year={2004},
	pages={263}}
@article{LucKoenigMasnouSeeuws2004,
	author={E. Luc-Koenig and M. Vatasescu and F. Masnou-Seeuws},
	title={Optimizing the photoassociation of cold atoms by use of chirped laser pulses},
	journal={Eur. Phys. J. D},
	volume={31},
	year={2004},
	pages={239}}
@article{MaciasRiera1979,
	author={A. Macias and A. Riera},
	title={Stark effect for the electronical levels of diatomic moleculs, variational and perturbational approaches},
	journal={J. Phys. B: Atom. Molec. Phys.},
	volume={12},
	year={1979},
	pages={3235}}
@article{MackieJavanainen2004,
	author={M. Mackie and O. Dannenberg and J. Piilo and K.-A. Suominen and J. Javanainen},
	title={New directions in degenerate dipolar molecules via collective association},
	journal={Eur. Phys. J. D},
	volume={31},
	year={2004},
	pages={273}}
@article{WalterBarratt1928,
	author={J.M. Walter and B.Sc and S. Barratt},
	title={The existence of intermetallic compounds in the vapour state. The spectra 	of the alkali metals, and of their alloys with each other.},
	journal={Roy. Soc. Proc. A},
	year={1928},
	pages={257}}
	%no electronic version
@article{WinklerDenschlag2005,
	author={K. Winkler and G. Thalhammer and M. Theis and H. Ritsch and R. Grimm and
		J. Hecker Denschlag},
	title={Atom-molecule dark states in a {B}{E}{C}},
	journal={Phys Rev. Lett},
	volume={95},
	year={2005},
	pages={063202}}

	@article{WinklerDenschlag2007,
		author={K. Winkler and F. Lang and G. Thalhammer and P.V.d. Straten and R. Grimm
			and J. Hecker Denschlag},
		title={Coherent optical transfer of {F}eshbach molecules to a lower vibrational state},
		journal={Phys. Rev. Lett.},
		volume={98},
		pages={043201},
		year={2007}}

@article{ZwierleinKetterle2003,
	author={M.W. Zwierlein and C.A. Stan and C.H. Schnuck and S.M.F.Raupach and S. Gupta and Z. Hadzibabic and W. Ketterle},
	title={Observation of {B}{E}{C} of molecules},
	journal={Phys. Rev. Lett. },
	volume={91},
	year={2003},
	pages={250401}}

%DIPOLE-DIPOLE INTERACTIONS, MOLECULE COLLISIONS
@article{AvdeenkovBohn2002,
	author={A.V. Avdeenkov and J. L. Bohn},
	title={Collisional dynamics of ultracold {O}{H} molecules in an electrostatic field},
	journal={Phys. Rev. A},
	volume={66},
	year={2002},
	pages={052718}}

	@article{Bohn2001,
		author={J.L. Bohn},
		title={Inelastic collisions of ultracold polar molecules},
		journal={Phys. Rev. A},
		volume={63},
		year={2001},
		pages={052714}}

@article{FlambaumGinges2006,
	author={V.V. Flambaum and J.S.M. Ginges},
	title={Resonance reactions and enhancement of weak interactions in collisions of cold molecules},
	journal={Phys. Rev. A},
	year={2006},
	volume={74},
	pages={025601}}
@article{Forrey2004,
	author={R. C. Forrey},
	title={Emision spectrum for polar super rotors in a cold buffer gas},
	journal={Eur. Phys. J. D},
	volume={31},
	year={2004},
	pages={409}}
@article{Gao2004,
	author={B. Gao},
	title={Rotational structures of long-range diatomic molecule},
	journal={Eur. Phys. J. D},
	volume={31 },
	year={2004},
	pages={283}}
@article{GiovanazziO'Dell2004,
	author={S. Giovanazzi and D.H.J. O'Dell},
	title={Instabilities and the roton spectrum of a quasi-1{D} {B}ose-{E}instein condensed gas with dipole-dipole interactions},
		journal={Eur. Phys. J. D},
	volume={31},
	year={2004},
	pages={439}}
@article{HutsonSoldan2007,
	author={J. M. Hutson and P. Soldan},
	title={Molecular collisions in ultracold atomic gases},
	journal={In. Rev. Phys.Chem.},
	year={2007},
	volume="26",
	pages={1}}
@article{JonesJulienne2006,
	author={K.M. Jones and E. Tiesinga and P.D. Lett and P.S. Julienne},
	title={Ultracold photoassociation spectroscopy: Long-range molecules and atomic scattering},
	journal={Rev. Mod. Phys.},
	volume={78},
	year={2006},
	pages={483}}
@article{MackieJavanainen2004,
	author={M. Mackie and O. Dannenberg and J. Piilo and K.-A. Suominen and J. Javanainen},
	title={New directions in degenerate dipolar molecules via collective association},
	journal={Eur. Phys. J. D},
	volume={31},
	year={2004},
	pages={273}}
@article{RonenBohn2006,
	author={S. Ronen and D. C. E. Bortolotti and J. L. Bohn},
	title={Radial and angular rotons in trapped dipolar gases},
	journal={arXiv: cond-mat},
	year={2006},
	pages={0607704}}
@article{SantosLewenstein2000,
	author={L. Santos and G.V. Shlyapnikov and P. Zoller and M. Lewenstein},
	title={Bose-{E}instein {C}ondensation in trapped dipolar gases},
	journal={Phys. Rev. Lett.},
	volume={85},
	year={2000},
	pages={1791}}
@article{SantosLewenstein2003,
	author={L. Santos and G.V. Shlyapnikov and M. Lewenstein},
	title={Roton-Maxon Spectrum and stability of trapped dipolar {B}ose-{E}instein {C}ondensates},
	journal={Phys. Rev. Lett.},
	volume={90},
	year={2003},
	pages={250403}}
@article{SuBowers1978,
	author={T. Su and E.C.F. Su and M.T. Bowers},
	title={Ion-polar molecule collisions. Conservation of angular momentum in the average 	dipole orientation theory. The {A}{A}{D}{O} theory},
	journal={J. Chem. Phys},
	volume={69},
	year={1978},
	pages={2243}}

	@article{Ticknor2007,
		author = {C. Ticknor},
		title = {Energy dependence of scattering ground state polar molecules},
		year = {2007},
		journal = {Phys. Rev. A},
		volume = {76},
		pages = {052703}}

	@article{Ticknor2007b,
		author = {C. Ticknor},
		title = {Collisional Control of Ground State Polar Molecules and Universal Dipolar Scattering},
		year = {2007},
		journal = {arXiv},
		volume = {physics.atom-ph},
		pages = {0711.4846v1}}

@article{WandDemler2006,
	author={D-W. Wang and M. D. Lukin and E. Demler},
	title={Quantum fluids of self-assembled chains of polar molecules},
	journal={Phys. Rev. Lett. },
	volume={97},
	year={2006},
	pages={180413}}
@article{WeckBalakrishnan2004,
	author={P.F. Weck and N. Balakrishnan},
	title={Chemical reactivity of ultracold polar molecules: investigation of {H}+ {H}{C}l and {H}+ {D}{C}l collisions},
	journal={Eur. Phys. J. D},
	volume={31},
	year={2004},
	pages={417}}
@article{YiYou2001,
	author={S. Yi and L. You},
	title={Trapped Condensates of Atoms with Dipole Interactions},
	journal={Phys. Rev. A},
	volume={63},
	year={2001},
	pages={053607}}

%BEC & FERMI GASES
	@article{AndersonCornell1995,
	  title = "Observation of Bose-Einstein Condensation in a Dilute Atomic Vapor",
	  author = "M. H. Anderson and J. R. Ensher and M. R. Matthews and C. E. Wieman and E. A. Cornell ",	
	  journal = "Science",
	  volume = "269",
	  pages = "198",
	  year = "1995"}

@Article{BartensteinGrimm2004,
  title = {Crossover from a Molecular {B}ose-{E}instein Condensate to a Degenerate {F}ermi Gas},
  author = {M. Bartenstein and A. Altmeyer and S. Riedl  and S. Jochim and C. Chin and J. Hecker Denschlag and R. Grimm},
  journal = {Phys. Rev. Lett.},
  volume = {92},
  pages = {120401},
  year = {2004}}

@Article{BartensteinGrimm2004b,
  title = {Collective Excitations of a Degenerate Gas at the {BEC}-{BCS} Crossover},
  author = {M. Bartenstein and A. Altmeyer and S. Riedl  and S. Jochim and C. Chin and J. Hecker Denschlag and R. Grimm},
  journal = {Phys. Rev. Lett.},
  volume = {92},
  pages = {203201},
  year = {2004}}

	@Article{BradleyHulet1995,
	  title = {Evidence of {B}ose-{E}instein {C}ondensation in an Atomic Gas with Attractive Interactions},
	  author = {C.C. Bradley and C.A. Sackett and J.J. Tollett and R.G. Hulet},
	  journal = {Phys. Rev. Lett.},
	  volume = {75},
	  pages = {1687},
	  year = {1995}}

	@Article{DalfovoStringari1999,
	  title = {Theory of {B}ose-{E}instein condensation in trapped gases},
	  author = {F. Dalfovo and S. Giorgini and L.P. Pitaevskii and S. Stringari},
	  journal = {Rev. Mod. Phys.},
	  volume = {71},
	  pages = {463},
	  year = {1999}}

	@Article{DavisKetterle1995,
	  title = {Bose-{E}instein {C}ondensation in a Gas of Sodium Atoms},
	  author = {K. B. Davis and M.O. Mewes and M.R. Andrews and N.J. van Druten and D.S. Durfee and D.M. Kurn and W. Ketterle},
	  journal = {Phys. Rev. Lett.},
	  volume = {75},
	  pages = {3969},
	  year = {1995}}

	@article{InouyeKetterle1998,
	  title = "Observation of Feshbach resonances in a {B}ose�{E}instein condensate",
	  author = "S. Inouye and M. R. Andrews and J. Stenger and H.-J. Miesner and D. M. Stamper-Kurn and W. Ketterle",
	  journal = "Nature",
	  volume = "392",
	  pages = "151",
	  year = "1998"}

	@article{GreinerJin2003,
	  title = "Emergence of a molecular {B}ose-{E}instein condensate from a {F}ermi gas",
	  author = "M. Greiner and C.A. Regal and D.S.Jin",
	  journal = "Nature",
	  volume = "426",
	  pages = "537",
	  year = "2003"}

@Article{HollandWalser2001,
  title = {Resonance Superfluidity in a Quantum Degenerate {F}ermi Gas},
  author = {M. Holland  and S.J.J.M.F. Kokkelmans and M.L. Chiofalo and R. Walser},
  journal = {Phys. Rev. Lett.},
  volume = {87},
  pages = {120406},
  year = {2001}}

@article{OharaThomas2002,
  title = "Observation of a Strongly Interacting Degenerate {F}ermi Gas of Atoms",
  author = "K.M. O'Hara and S.L. Hemmer and M.E. Gehm and S.R. Granade and J.E. Thomas",
  journal = "Science",
  volume = "298",
  pages = "2179",
  year = "2002"}
	%no electronic version

%SPLIT-OPERATOR AND CO
	@article{BandraukShen1993,
		author={A.D. Bandrauk and H. Shen},
		title={Exponential split operator methods for solving coupled time-dependent {S}chr{\"o}dinger equations},
		journal={J. Chem. Phys.},
		volume={99},
		year={1993},
		pages={1185}}

@article{DoncheskiTussey2003,
	author={M.A. Doncheski and S. Heppelmann and R.W. Robinett and D.C. Tussey},
	title={Wave packet construction in two-dimensional quantum billiards: Blueprints for the square, equilateral triangle and circular case},
	journal={Am. J. Phys.},
	volume={71},
	year={2003},
	pages={541}}

	@article{FujiiWada2003,
		author={K. Fujii and K. Higashida and R. Kato and Y. Wada},
		title={N level system with {R}{W}{A} and analytical solutions revisited},
		journal={arXiv: quant-ph},
		year={2003},
		pages={0307066}}

@article{Garraway2000,
	author={B. M. Garraway},
	title={Extended Gaussian wavepacket dynamics},
	journal={J. Phys. B: At. Mol. Opt. Phys.},
	volume={33},
	year={2000},
	pages={4447}}

@article{GarrawaySuominen1995,
	author={B.M. Garraway and K-A. Suominen },
	title={Wave-packet dynamics: new physics and chemistry in femto-time},
	journal={Rep. Prog. Phys.},
	volume={58},
	year={1995},
	pages={365}}

	@article{HermannFleck1988,
		author={M.R. Hermann and J.A. Fleck, Jr.},
		title={Split-operator spectral method for solving time-dependent {S}chr{\"o}dinger equation in spherical coordinates},
		journal={Phys. Rev. A},
		volume={38},
		year={1988},
		pages={6000}}

@article{JavanainenRuostekoski2006,
	author={J. Javanainen and J. Ruostekoski},
	title={Symbolic calculation in development of algorithms: split-step methods for {G}ross-{P}itaevskii equation},
	journal={J. Phys. A: Math. Gen.},
	volume={39},
	year={2006},
	pages={L179}}

	@article{Kosloff1988,
		author={R. Kosloff},
		title={Time-dependent quantum-mechanical methods for molecular dynamics},
		journal={J. Phys. Chem.},
		volume={92},
		year={1988},
		pages={2087}}

@article{MattheySorevik,
	author={T. Matthey and T. Sorevik},
	title={Performance of a parallel split operator method for the time dependent {S}chr{\"o}dinger equation}}

@article{SunNyman2004,
	author={Z. Sun and N. Lou and G. Nyman},
	title={Time-dependent wave packet split operator calculations on a three-dimensional {F}ourier grid in radau coordinates applied to the {O}{C}{I}{O} photoelectron spectrum},
	journal={J. Phys. Chem. A},
	volume={108},
	year={2004},
	pages={9226}}
	%no electronic version, no more information either

	@article{Vlasov2005,
		author={D.V. Vlasov},
		title={Optimization of the split-operator method for modeling of quantum system time evolution},
		journal={Am. J. Und. Research},
		volume={4},
		year={2005},
		pages={19}}

@article{WillnerMasnouSeeuws,
	author={K. Willner and O. Dulieu and F. Masnou-Seeuws},
	title={Mapped grid methods for long-range molecules and cold collisions},
	journal={J. Chem. Phys.},
	volume={120},
	year={2004},
	pages={548}}

%STIRAP AND CO
	@article{BergmannShore1998,
		author={K. Bergmann and H. Theuer and B.W. Shore},
		title={Coherent population transfer among quantum states of atoms and molecules},
		journal={Rev. Mod. Phys.},
		volume={70},
		year={1998},
		pages={1003}}

	@article{Bloembergen1967,
		author={N. Bloembergen},
		title={The stimulated {R}aman effect},
		journal={Am. J. Phys.},
		volume={35},
		year={1967},
		pages={989}}

	@article{CarrollHioe1987,
		author={C.E. Carroll and F.T. Hioe},	
		title={Three-state model driven by two laser beams},
		journal={Phys. Rev. A},
		volume={36},
		year={1987},
		pages={724}}

@article{CarrollHioe1988,
	author={C.E. Carroll and F.T. Hioe},
	title={Three-state system driven by resonant optical pulses of different shapes},
	journal={J. Opt. Soc. Am. B},
	volume={5},
	year={1988},
	pages={1335}}
@article{CarrollHioe1990,
	author={C.E. Carroll and F.T. Hioe},
	title={Analytic solutions for three-state systems with overlapping pulses},
	journal={Phys. Rev. A},
	volume={42},
	year={1990},
	pages={1522}}
	@article{CarrollHioe1992,
		author={C.E. Carroll and F.T. Hioe},
		title={Coherent population transfer via the continuum},
		journal={Phys. Rev. Lett.},
		volume={68},
		year={1992},
		pages={3523}}
	@article{ChengBrown2007,
		author={T. Cheng and H. Darmawan and A. Brown},
		title={Stimulated Raman adiabatic passage in molecules: The effects of background states},
		journal={Phys. Rev. A},
		volume={75},
		year={2007},
		pages={013411}}
@article{DrummonWynar2002,
	author={P.D. Drummond and K.V. Kheruntsyan and D.J. Heinzen and R.H. Wynar},
	title={Stimulated {R}aman adiabatic passage from an atomic to a molecular {B}ose-{E}instein {C}ondensate},
	journal={Phys. Rev. A},
	volume={65},
	year={2002},
	pages={063619}}

	@article{EinwohnerGarrison1976,
		author={T.H. Einwahner and J. Wong and J.C. Garrison},
		title={Analytical solutions for laser excitation of multilevel systems in the rotating-wave approximation},
		journal={Phys.Rev. A},
		volume={14},
		year={1976},
		pages={1452}}

	@article{FewellBergmann1997,
		author={M.P. Fewell anbd B.W. Shore and K. Bergmann},
		title={Coherent population transfer among three states: Full algebraic solutions and the relevance of non adiabatic processes to transfer by delayed pulses},
		journal={Aust. J. Phys.},
		volume={50},
		year={1997},
		pages={281}}
		%no electronic version

@article{GarrawaySuominen1995,
	author={B.M. Garraway and K-A. Suominen },
	title={Wave-packet dynamics: new physics and chemistry in femto-time},
	journal={Rep. Prog. Phys.},
	volume={58},
	year={1995},
	pages={365}}
@article{HopePlimak2001,
	author={J. J. Hope and M. K. Olsen and L. I. Plimak},
	title={Multimode model of the formation of molecular {B}{E}{C} by {B}ose-stimulated {R}aman adiabatic passage},
	journal={Phys. Rev. A},
	volume={63},
	year={2001},
	pages={043603}}

	@article{KuhnBergmann1991,
		author={A. Kuhn and G.W. Coulston and G.Z. He and S. Schiemann and K. Bergmann and W.S. Warren},
		title={Population transfer by stimulated Raman scattering with delayed pulses using spectrally broad light},
		journal={J. Chem. Phys.},
		volume={96},
		year={1991},
		pages={4215}}

@article{MalinovskySola2003,
	author={V.S. Malinovsky and J. Santamaria and I.R. Sola},
	title={Controlling non-{F}ranck-{C}ondon transitions: counterintuitive schemes of population transfer in the adiabatic and strong adiabatic regimes},
	journal={J. Phys. Chem. A},
	volume={107},
	year={2003},
	pages={8259}}
	@article{MartinBergmann1995,
		author={J. Martin and B.W. Shore and K. Bergmann},
		title={Coherent population transfer in multilevel systems with magnetic sublevels. {II}. Algebraic analysis},
		journal={Phys. Rev. A},
		volume={52},
		year={1995},
		pages={583}}
	@article{MartinBergmann1996,
		author={J. Martin and B.W. Shore and K. Bergmann},
		title={Coherent population transfer in multilevel systems with magnetic sublevels. {III}. Experimental results},
		journal={Phys.Rev.A},
		volume={54},
		year={1996},
		pages={1556}}
@article{SchiemannBergmann1993,
	author={S. Schiemann and A. Kuhn and S. Steuerwald and K. Bergmann},
	title={Efficient coherent population transfer in {N}{O} molecules using pulsed lasers},
	journal={Phys. Rev. Lett.},
	volume={71},
	year={1993},
	pages={3637}}
@article{ShapiroYe2006,
	author={E.A. Shapiro and M. Shapiro and A. Peer and J. Ye},
	title={Photoassociation adiabatic passage of ultracold {R}b atoms to form ultracold ${R}b_2$ molecules},
	journal={Phys. Rev. A},
	volume={75},
	year={2006},
	pages={013405}}
	@article{ShoreBergmann1995,
		author={B.W. Shore and J. Martin and M.P.Fewell and K. Bergmann},
		title={Coherent population transfer in multilevel systems with magnetic sublevels. {I}. Numerical studies},
		journal={Phys. Rev. A},
		volume={52},
		year={1995},
		pages={566}}
@article{SolaMalinovsky2002,
	author={I.R. Sola and V.S. Malinovsky},
	title={Non-adiabatic coupling and adiabatic population transfer in quantum molecular systems},
	journal={arXiv: physics},
	year={2002},
	pages={0203049}}
@article{Stwalley2004,
	author={W.C. Stwalley},
	title={Efficient Conversion of Ultracold {F}eshbach-resonance-related polar molecules into ultracold ground state {($X^1\Sigma^+$ $\nu$ =0, J=0)} molecules},
	journal={Eur. Phys. J. D},
	volume={31},
	year={2004},
	pages={221}}
@article{WinklerDenschlag2007,
	author={K. Winkler and F. Lang and G. Thalhammer and P.v.d. Straten and R. Grimm
		and J. Hecker Denschlag},
	title={Coherent optical transfer of Feshbach molecules to a lower vibrational state},
	journal={ArXiv: cond-mat},
	year={2007},
	volume={0611222}}

%RAMAN CHIRPED ADIABATIC PASSAGE
@article{ChangSantamaria2000,
	author={B.Y. Chang and I.R. Sola and V.S. Malinovsky and J. Santamaria},
	title={Selective excitation of diatomic molecules by chirped laser pulses},
	journal={J. Chem. Phys.},
	volume={113},
	year={2000},
	pages={4901}}
@article{ChelkowskiBandrauk1997,
	author={S. Chelkowski and A.D. Bandrauk},
	title={Raman chirped adiabatic passage: A new method for selective excitation of high vibrational states},
	journal={J. Raman Spectr.},
	volume={28},
	year={1997},
	pages={459}}
@article{DavisWarren1999,
	author={J.C. Davis and W.S. Warren},
	title={Selective excitation of high vibrational states using {R}aman chirped adiabatic passage},
	journal={J. Chem. Phys.},
	volume={110},
	year={1999},
	pages={4229}}

%APLIP

	@article{GarrawaySuominen1998,
		author={B.M. Garraway and K.-A.Suominen},
		title={Adiabatic passage by Light-induced potentials in molecules},
		journal={Phys. Rev. Lett. },
		volume={80},
		year={1998},
		pages={932}}

	@article{GaubatzBergmann1990,
		author={U. Gaubatz and P. Rudecki and S. Schiemann and K. Bergmann},
		title={Population transfer between molecular vibrational levels by stimulated {R}aman scattering with partially overlapping laserfields. A new concept and experimental results},
		journal={J. Chem. Phys. },
		volume={92},
		year={1990},
		pages={5363}}

@article{HalfmannBergmann1996,
	author={T. Halfmann and K. Bergmann},
	title={Coherent population transfer and dark resonances in {$SO_2$}},
	journal={J. Chem. Phys.},
	volume={104},
	year={1996},
	pages={7068}}

	@article{HeeselMarangos2006,
		author={E. Heesel and B.M. Garraway and J.P. Marangos},
		title={Analysis of adiabatic passage by light-induced potentials with chirped laser pulses in three- and four-level diatomic systems},
		journal={J. Chem. Phys.},
		volume={124},
		year={2006},
		pages={024320}}

	@article{RodriguezGarraway2000,
		author={M. Rodriguez and K.-A. Suominen and B.M. Garraway},
		title={Tailoring of vibrational state populations with light-induced potentials in molecules},
		journal={Phys. Rev. A},
		volume={62},
		year={2000},
		pages={053413}}

	@article{SolaKrause2000,
		author={I.R. Sola and B.Y. Chang and J. Santamaria and V.S. Malinovsky and J. L. Krause},
		title={Selective excitation of vibrational states by shaping of light-induced potentials},
		journal={Phys.Rev. Lett.},
		volume={85},
		year={2000},
		pages={4241}}

	@article{SolaMalinovsky2000,
		author={I.R. Sola and J. Santamaria and V.S. Malinovsky},
		title={Efficiency and robustness of adiabatic passage by light-induced potentials},
		journal={Phys. Rev. A},
		volume={61},
		year={2000},
		pages={043413}}

	@article{SolaMalinovsky2003,
		author={I.R. Sola and V.S. Malinovsky},
		title={Collapse of the stimulated {R}aman adiabatic passage due to geometrical factors and how to overcome 	it},	
		journal={Phys. Rev. A},
		volume={68},
		year={2003},
		pages={013412}}




%COMPANIES & WEBPAGES
	@misc{DrSjuts,
		note={\url{www.sjuts.com}, April 2008}}

	@misc{folmanchips,
		note={\url{http://cmsprod.bgu.ac.il/NR/rdonlyres/7F1C973F-05CE-45AD-9247-755D0C175007/43617/Atomchip.pdf}, April 2008}}

	@misc{AtomTraps,
		note={\url{http://www.uibk.ac.at/exphys/ultracold/atomtraps.html}, April 2008}}

	@misc{Eagleyard,
		note={\url{www.eagleyard.com}, April 2008}}

	@misc{Isomet,
		note={\url{www.isomet.com}, April 2008}}

	@misc{lambdachrome,
		note={\url{http://bcp.phys.strath.ac.uk/ultrafast/Blue_book/Lamdachrome-laser-dyes.pdf}, April 2008}}

	@misc{Thorlabs,
		note={\url{www.thorlabs.com}, April 2008}}

	@misc{Allouche,
		note={\url{http://www-lasim.univ-lyon1.fr/spip.php?article274}, April 2008}}

	@misc{ZeemanSplitting,
		note={\url{http://nobelprize.org/nobel\_prizes/physics/laureates/1902/}, April 2008}}

	@misc{Accucoat,
		note={\url{www.accucoatinc.com}, April 2008}}

	@book{BuildingScientific,
	    author    = "J.H. Moore and C.C. Davis and M.A. Coplan",
	    title     = "Building Scientific Apparatus",
	    year      = "2003",
	    publisher = "Westview Press"}

	@book{Jackson,
	    author    = "J.D. Jackson",
	    title     = "Classical Electrodynamics",
	    year      = "1998",
	    publisher = "Wiley"}

	@book{MolecularSpectra,
	    author    = "H. Lefebvre-Brion and R.W. Field",
	    title     = "The spectra and dynamics of diatomic molecules",
	    year      = "2004",
	    publisher = "Elsevier"}

	@book{Spectra,
	    author    = "P.F. Bernath",
	    title     = "Spectra of atoms and molecules",
	    year      = "2005",
	    publisher = "Oxford University Press"}
	
	@book{TwoLevelAtom,
	    author    = "L. Allen and J.H. Eberly",
	    title     = "Optical Resonance and Two-level atoms",
	    year      = "1987",
	    publisher = "Dover Pulications, inc."}
	
	@misc{dlinedata,
		note={\url{http://steck.us/alkalidata/}, April 2008}}

	@misc{simion,
		note={\url{http://www.simion.com/}, April 2008}}

@misc{level,
		note={\url{http://scienide.uwaterloo.ca/~rleroy/level/}, April 2008}}

	@misc{edmund,
		note={\url{www.edmundoptics.com}, April 2008}}


%INJECTION LOCKING/LASER STABILIZATION
	@Article{CheronSorel1994,	
	   author = "B. Cheron and H. Gilles and J. Hamel and O. Moreau and H. Sorel",
		titel="Laser frequency stabilization using Zeeman effect",    
		journal = "Journal de Physique III",
	    volume = "4",
	    pages = "401",
	    year = "1994"}
		%no electronic version

	@Article{CorwinWieman1998,
	    author = "K. L. Corwin and Z.-T. Lu and C. F. Hand and R. J. Epstein and C. E. Wieman",
		titel="Frequency-Stabilized Diode Laser with the Zeeman Shift in an Atomic Vapor",
	    journal = "Appl. Optics",
	    volume = "37",
	    pages = "3295",
	    year = "1998"}

	@article{MercierMcCall1997,
		author={J. Mercier and M. McCall},
		title={Stability and dynamics of an injection-locked semiconductor laser},
		journal={Opt. Comm.},
		volume={138},
		year={1997},
		pages={200}}
		%Several injected slaves - stability

	@article{SingerWeidemueller2003,
		author={K. Singer and M. Tscherneck and M. Eichhorn and M. Reetz-Lamour and S. F{\"o}lling  and M. Weidem\"uller},
		title={Phase-coherent addition of laser beams with identical spectral properties},
		journal={Opt. Comm.},
		volume={218},
		year={2003},
		pages={371}}
		%Several injected slaves - stabilization

	@book{Siegman1986,
		author    = "A. E. Siegman",
	    title     = "Lasers, Chapter 29: Laser Injection Locking",
	    year      = "1986",
	    publisher = "University Science Books"}
		%no electronic copy - injection locking, general introduction

	@article{RicciHaensch1995,
		author={L. Ricci and M. Weidem{\"u}ller and T. Esslinger and A. Hemmerich and C. Zimmermann and V. Vuletic and W. K{\"o}nig and T.W. H{\"a}nsch},
		title={A compact grating-stabilized diode laser system for atomic physics},
		journal={Opt. Comm.},
		volume={117},
		year={1995},
		pages={541}}
		%Laser Lock

	@article{MandalGhosh1992,
		author={S. Mandal and P.N. Ghosh},
		title={Line shape and frequency shift of Lamb dip and crossover dip in closely spaced transitions},
		journal={Phys. Rev. A},
		volume={45},
		year={1992},
		pages={4990}}
		%Crossover resonances

	@article{SchlossbergJavan1966,
		author={H.R. Schlossberg and A. Javan},
		title={Saturation Behavior of a Doppler-broadened transition involving levels with closely spaced structure},
		journal={Phys. Rev. },
		volume={150},
		year={1966},
		pages={267}}
		%Crossover resonances




%MOT
	@article{RaabPritchard1987,
		author = "E.L. Raab and M. Prentiss and A. Cable and S. Chu and D.E. Pritchard",
		title = "{T}rapping of neutral sodium atoms with raditation pressure",
		journal = "Phys. Rev. Lett.",
		volume = "59",
		year = "1987",
		pages = "2631"}
		%Very first MOT

	@misc{NobleMOT1997,
		author = "Steven Chu and Claude Cohen-Tannoudji and William D. Phillips",
		title = "{N}obel {P}rize in {P}hysics 1997 ``for development of methods to cool and trap atoms with laser light``",
		year = "1997"}
		%Noble Prize for MOT

	@Article{RapolNatarajan2001,
	    author = "U. D. Rapol and A. Wasan and V. Natarajan",
		titel={Loading of a {R}b magneto-optic trap from a getter source},
	    journal = "Phys. Rev. A",
	    volume = {64},
	    pages = {023402},
	    year = {2001}}

	@Article{MetcalfStraten1999,
	    author = "H. J. Metcalf and P. v.d. Straten",
		titel={Laser cooling and trapping},
	    journal = "Springer",
	    volume = {},
	    pages = {},
	    year = {1999}}

	@Article{TownsendDalibard1995,
	    author = "C.G. Townsend and N.H. Edwards and C.J. Cooper and K.P. Zetie and C.J. Foot and A.M. Steane and 	P. Szriftgiser and H. Perrin and J. Dalibard",
		titel={Phase-space density in the magneto-optical trap},
	    journal = "Phys. Rev. A",
	    volume = {52},
	    pages = {1423},
	    year = {1995}}



%COLLISIONS IN A MOT
	@Article{GensemerGould1997,
   	 author = "S. D. Gensemer and V. Sanchez-Villicana and K. Y. N. Tan and T. T. Grove and P. L. Gould",
		titel={Trap-loss collisions of $^{85}${R}b and $^{87}${R}b: Dependence on trap parameters},
    	journal = "Phys. Rev. A",
    	volume = "56",
    	pages = "4055",
    	year = "1997"}

	@article{GibbleChu1993,
	  title = "Laser-cooled {C}s frequency standard and a measurement of the frequency shift due to ultracold collisions",
	  author = "K. Gibble and S. Chu",
	  journal = "Phys. Rev. Lett.",
	  volume = "70",
	  pages = "1771",
	  year = "1993"}

	@article{HolmesBigelow2004,
		author={M.W. Holmes and M. Tscherneck and P.A. Quinto-Su and N.P. Bigelow},
		title={Isotopic difference in the heteronuclear loss rate in a two-species surface trap},
		journal={Phys. Rev. A},
		volume={69},
		year={2004},
		pages={063408}}

	@article{MoerdijkAxelsson1995,
	  title = "Resonances in ultracold collisions of $^{6}{L}i$, $^{7}{L}i$, and $^{23}{N}a$",
	  author = "A.J. Moerdijk and B.J. Verhaar and A. Axelsson",
	  journal = "Phys. Rev. A",
	  volume = "51",
	  pages = "4852",
	  year = "1995"}

	@Article{ShafferBigelow1999,
	    author = "J. P. Shaffer and W. Chalupczak and N. P. Bigelow",
	    journal = "Phys. Rev. A",
	    volume = "60",
		titel={Trap loss in a two-species Na-Cs magneto-optical trap: Intramultiplet mixing in heteronuclear ultracold collisions},
	    pages = "3365",
	    year = "1999"}

	@Article{TellesBagnato2001,
	    author = "G. D. Telles and W. Garcia and L. G. Marcassa and V. S. Bagnato",
	    journal = {Phys. Rev. A},
		titel={Trap loss in a two-species {R}b-{C}s magneto-optical trap},
	    volume = "63",
	    pages = "033406",
	    year = "2001"}

	@Article{WallaceGould1992,
	    author = "C. D. Wallace and T. P. Dinneen and K. N. Tan and T. T. Grove and P. L. Gould",
		titel={Isotopic difference in trap loss collisions of laser cooled rubidium atoms},	
	    journal = "Phys. Rev. Lett.",
	    volume = "69",
	    pages = "897",
	    year = "1992"}

	@article{WeinerJulienne1999,
	  title = "Experiments and theory in cold and ultracold collisions",
	  author = "J. Weiner and V.S. Bagnato and S. Zilio and P.S. Julienne",
	  journal = "Rev. Mod. Phys.",
	  volume = "71",
	  pages = "1",
	  year = "1999"}

	@Article{YoungBigelow2000,
	    author = "Y. E. Young and R. Ejnisman and J. P. Shaffer and N. P. Bigelow",
	    journal = {Phys. Rev. A},
	    volume = {62},
	    pages = {055403},
		titel={Heteronuclear hyperfine-state-changing cold collisions},
	    year = {2000}}

%PRECISION MEASUREMENTS IN A MOT
	@article{OatesHall1996,
		author = "C. W. Oates and K. R. Vogel and J. L. Hall",
		title = "High Precision Linewidth Measurement of Laser-Cooled Atoms: Resolution of the {N}a 3p 2{P}$_{3/2}$ Lifetime Discrepancy ",
		journal = "Phys. Rev. Lett.",
		volume = "76",
		year = "1996",
		pages = "2866"}

	@article{WalhoutRolston1994,
		author = "M. Walhout and A. Witte and S. L. Rolston",
		title = "Precision measurement of the metastable 6s [3/2]2 lifetime in xenon ",
		journal = "Phys. Rev. Lett.",
		volume = "72",
		year = "1994",
		pages = "2843"}

	@article{KatoriKuwataGonokami1999,
		author = "H. Katori and T. Ido and Y. Isoya and M. Kuwata-Gonokami",
		title = "Magneto-Optical Trapping and Cooling of Strontium Atoms down to the Photon Recoil Temperature ",
		journal = "Phys. Rev. Lett.",
		volume = "82",
		year = "1999",
		pages = "1116"}

	@article{ZinnerErtmer2003,
		author = "M. Zinner and P. Spoden and T. Kraemer and G. Birkl and W. Ertmer",
		title = "Precision measurement of the metastable $^3${P}$_2$ lifetime of neon",
		journal = "Phys. Rev. A",
		volume = "67",
		year = "2003",
		pages = "010501"}

	@article{RiehleHelmcke1999,
		author = "F. Riehle and H. Schnatz and B. Lipphardt and G. Zinner and T. Trebst and J. Helmcke",
		title = "The optical calcium frequency standard",
		journal = "IEEE Transactions on Instrumentation and Measurements",
		volume = "48",
		year = "1999",
		pages = "613"}

%OPTICAL DIPOLE TRAPS
	@article{GrimmOvchinnikov2000,
		author={R. Grimm and M. Weidemueller and Y.B. Ovchinnikov},
		title={Optical dipole traps for neutral atoms},
		journal={Adv. At. Mol. Opt. Phys.},
		volume={42},
		year={2000},
		pages={95}}


%ATOM CHIPS
	@article{CassettariSchmiedmayer2000,
		author={D. Cassettari and A. Chenet and R. Folman and A. Haase and B. Hessmo and P. Kr{\"u}ger and T. Maier 	and S. Schneider and T. Calarco and J. Schmiedmayer},
		title={Micromanipulation of neutral atoms with nanofabricated structures},
		journal={Appl. Phys. B},
		volume={70},
		year={2000},
		pages={721}}

	@article{CassettariSchmiedmayer2000b,
		author = "D. Cassettari and B. Hessmo and R. Folman and T. Maier and J. Schmiedmayer",
		title = "{B}eam splitter for guided atoms",
		journal = "Phys. Rev. Lett.",
		volume = "85",
		year = "2000",
		pages = "5483"}

@article{DenschlagSchmiedmayer1999,
	author={J. Denschlag and D. Cassettari and J. Schmiedmayer},
	title={Guiding neutral atoms with a wire},
	journal={Phys. Rev. Lett. },
	volume={82},
	year={1999},
	pages={2014}}

	@article{FolmanHenkel2002,
		author={R. Folman and P. Kr{\"u}ger and J. Schmiedmayer and J. Denschlag and C. Henkel},
		title={Microscopic atom optics: from wires to an atom chip},
		journal={Adv. At. Mol. Opt. Phys.},
		volume={48},
		year={2002},
		pages={263}}

	@article{FolmanSchmiedmayer2000,
		author={R. Folman and P. Kr{\"u}ger and D. Cassettari and B. Hessmo and T. Maier and J. Schmiedmayer},
		title={Controlling cold atoms using nanofabricated surfaces: Atom chips},
		journal={Phys. Rev. Lett.},
		volume={84},
		year={2000},
		pages={4749}}

	@article{DekkerPrentiss2000,
		author = "N.H. Dekker and C.S. Lee and V. Lorent and J. H. Thywissen and S. P. Smith and M. Drndic and R.M. Westervelt and M. Prentiss",
		title = "{G}uiding neutral atoms on a chip",
		journal = "Phys. Rev. Lett.",
		volume = "84",
		year = "2000",
		pages = "1124"}

	@article{HaaseSchmiedmayer2001,
		author={A. Haase and D. Cassettari and J. Schmiedmayer},	
		title={Trapping atoms with a wire},
		journal={Phys. Rev. A},
		volume={64},
		year={2001},
		pages={043405}}

	@article{HeanselHaensch2001,
		author={W. H{\"a}nsel and J. Reichel and T.W H{\"a}nsch},
		title={Magnetic conveyor belt for transporting and merging trapped atom clouds},
		journal={Phys. Rev. Lett.},
		volume={86},
		year={2001},
		pages={608}}

	@article{HaenselHaensch2001_2,
		author={W. H{\"a}nsel and J. Reichel and P. Hommelhoff and T.W. H{\"a}nsch},
		title={Trapped-atom interferometer in a magnetic microtrap},
		journal={Phys. Rev. A},
		volume={64},
		year={2001},
		pages={063607}}

@article{HaenselReichel2001,
	author={W. H{\"a}nsel and P. Hommelhoff and T.W. H{\"a}nsch and J. Reichel},
	title={{B}{E}{C} on a microelectronic chip},
	journal={Nature},
	volume={413},
	year={2001},
	pages={498}}

	@article{HindsBoshier2001,
		author = "E.A. Hinds and C.J. Vale and M. G. Boshier",
		title = "Two-wire waveguide and interferometer for cold atoms",
		journal = "Phys. Rev. Lett.",
		volume = "86",
		year = "2001",
		pages = "1462"}

@article{JoPrentiss2006,
	author={G.B. Jo and Y. Shin and S. Will and T.A. Pasquini and M. Saba and W. Ketterle and D.E. Pritchard and M. Vengalattore and M. Prentiss},
	title={Long phase coherence time and number squeezing in two {B}{E}{C}s on an atom chip},
	journal={Phys. Rev. Lett.},
	volume={98}
	year={2007},
	pages={030407}}

@article{LinVuletic2004,
	author={Y-J. Lin and I. Teper and C. Chin and V. Vuletic},
	title={Impact of the {C}asimir-{P}older potential and johnson noise on {B}{E}{C} stability near surfaces},
	journal={Phys. Rev. Lett.},
	volume={92},
	year={2004},
	pages={050404}}

	@article{MuellerCornell1999,
		author={D. Mueller and D.Z. Anderson and R.J. Grow and P.D.D. Schwindt and E.A. Cornell},
		title={Guiding neutral atoms around curves with lithographically patterened current-carrying wires},
		journal={Phys.Rev. Lett.},
		volume={83},
		year={1999},
		pages={5194}}

	@article{OttZimmermann2001,
		author = "H. Ott and J. Fortagh and G. Schlotterbeck and A. Grossmann and C. Zimmermann",
		title = "{B}ose-{E}instein {C}ondensation in a surface microtrap",
		journal = "Phys. Rev. Lett.",
		volume = "87",
		year = "2001",
		pages = "230401"}

	@article{ReichelHaensch1999,
		author = "J. Reichel and W. H{\"{a}}nsel and T.W. H{\"{a}}nsch",	
		title = "{A}tomic micromanipulation with magnetic surface traps",
		journal = "Phys. Rev. Lett.",
		volume = "83",
		year = "1999",
		pages = "3398"}
		%first mirror MOT

	@article{ReichelHaensch2001,
		author = "J. Reichel and W. H{\"{a}}nsel and P. Hommelhoff and T.W. H{\"{a}}nsch",
		title = "Applications of integrated magnetic microtraps",
		journal = "Appl. Phys. B",
		volume = "72",
		year = "2001",
		pages = "81"}

	@article{Schmiedmayer1995,
		author={J. Schmiedmayer },
		title={Guiding and Trapping a neutral atom on a wire},
		journal={Phys. Rev. A},
		volume={52},
		year={1995},
		pages={R13}}

	@Article{SchneiderSchmiedmayer2003,
	  title = {Bose-Einstein condensation in a simple microtrap},
	  author = {S. Schneider and A. Kasper and C. vom Hagen and M. Bartenstein and B. Engeser and T. Schumm and I. Bar-Joseph and R. Rolman and L. Feenstra and J. Schmiedmayer},
	  journal = {Phys. Rev. A},
	  volume = {67},
	  pages = {023612},
	  year = {2003}}

	@Article{SchummKrueger2005,
	  title = {Matter-wave interferometry in a double well on an atom chip},
	  author = {T. Schumm and S. Hofferberth and L.M. Andersson and S. Wildermuth and S.Groth and I. Bar-Joseph and 	J. Schmiedmayer and P. Kr{\"u}ger},
	  journal = {Nature Physics},
	  volume = {1},
	  pages = {57},
	  year = {2005}}	

	@article{TreutleinReichel2004,
		author = {P. Treutlein and P. Hommelhoff and T. Steinmetz and T. W. H{\"{a}}nsch and J. Reichel},
		title = {Coherence in Microchip Traps},
		year = {2004},
		journal = {Phys. Rev. Lett.},
		volume = {92},
		pages = {203005}}

@article{ThywissenPrentiss1999,
	author={J.H. Thywissen and M. Olshanii and G. Zabow and M. Drndic and K.S. Johnson 	and R.M. Westervelt and M.Prentiss},
	title={Microfabricated magnetic waveguides for neutral atoms},
	journal={Eur. Phys. J.D},
	volume={7},
	year={1999},
	pages={361}}

@article{VarpulaPoutanen1984,
	author={T. Varpula and T. Poutanen},
	title={Magnetic field fluctuations arising from thermal motion of electric charge in conductors},
	journal={J. Appl. Phys.},
	volume={55},
	year={1984},
	pages={4015}}
	%Noise near the surface - pre-BEC on chip

%ATOM CHIPS - MORE THAN JUST MAGNETIC TRAPS & FIBERS
	@article{AbrahamCornell1998,
	author={E.R.I. Abraham and E.A. Cornell},
	title={Teflon feedthrough for coupling optical fibers into ultrahigh vacuum systems},
	journal={Appl. Opt.},
	volume={37},
	year={1998},
	pages={1762}}

	@article{BarnettPrentiss2000,
		author={A.H. Barnett and S.P. Smith and M. Olshanii and K.S. Johnson and A.W. Adams and M. Prentiss},
		title={Substrate-based atom waveguide using guided two-color evanescent light fields},
		journal={Phys. Rev. A},
		volume={61},
		year={2000},
		pages={023608}}

	@article{Bravo-AbadSoljacic2006,
		author={J. Bravo-Abad and M. Ibanescu and J.D. Joannopoulos and M. Soljacic},
		title={Photonic crystal optical waveguides for on-chip {B}{E}{C}s},
		journal={Phys. Rev. A},
		year={2006},
		pages={053619},
		volume={74}}

	@article{ConstablePrentiss1993,
	author={A. Constable and J. Kim and J. Mervis and F. Zarinetchi and M. Prentiss},
	title={Demonstration of a fiber-optical light-force trap},
	journal={Opt. Lett.},
	volume={18},
	year={1993},
	pages={1867}}

	@article{DumkeErtmer2002,
	author={R. Dumke and M. Volk and T. Muther and F.B.J. Buchkremer and G. Birkl and W. Ertme},
	title={Micro-optical Realization of Arrays of Selectively Addressable Dipole Traps: A Scalable Configuration for Quantum Computation with Atomic Qubits},
	journal={Phys. Rev. Lett.},
	volume={89},
	year={2002},
	pages={097903}}

@article{GauthierFrangioudakis2000,
	author={R.C.Gauthier and A. Frangioudakis},
	title={Optical levitation particle delivery system for a dual beam fiber optic trap},
	journal={Appl. Opt.},
	volume={39},
	year={2000},
	pages={26}}

	@Article{HindsHughes1999,
	  title = {Magnetic atom optics: mirrors, guides, traps, and chips for atoms},
	  author = {E.A. Hinds and I.G. Hughes},
	  journal = {J. Physics D: Appl. Phys.},
	  volume = {32},
	  pages = {R119},
	  year = {1999}}	

	@article{HorakHinds2003,
	author={P. Horak and B. G. Klappauf and A. Haase and R. Folman and J. Schmiedmayer and P. Domokos and E.A. Hinds},
	title={Possibility of single-atom detection on a chip},
	journal={Phys. Rev. A},
	volume={67},
	year={2003},
	pages={043806}}

	@article{kishimotoKatori2003,
		author = {T. Kishimoto and H. Hachisu and J. Fujiki and K. Nagato and M. Yasuda and H. Katori},
		title = {Electrodynamic Trapping of Spinless Neutral Atoms with an Atom Chip},
		year = {2006},
		journal = {Phys. Rev. Lett.},
		volume = {96},
		pages = {123001}}

	@article{KruegerSchmiedmayer2003,
		author={P. Kr{\"u}ger and X. Luo and M. W. Klein and K. Brugger and A. Haase and S. Wildermuth and S. Groth and I. Bar-Joseph and R. Folman and J. Schmiedmayer},
		title={Trapping and manipulating neutral atoms with electrostatic fields},
		journal={Phys.Rev.Lett.},
		volume={91},
		year={2003},
		pages={233201}}

@article{LeeJhe1996,
	author={K.I. Lee and J.A. Kim and H.R. Noh and W. Jhe},
	title={Single-beam atom trap in a pyramidal and conical hollow mirror},
	journal={Opt. Lett.},
	volume={21},
	year={1996},
	pages={1177}}

	@article{LiWang2007,
		author={X.Li and H. Zhang and M. Ke and B. Yan and Y. Wang},
		title={A radio-frequency atom chip for trapping atoms in strong-field seeking states},
		journal={arXiv: physics},
		year={2007},
		pages={0607034}}

@article{LyonsSonek1995,
	author={E.R. Lyons and G.J. Sonek},
	title={Confinement and bistability in a tapered hemispherically lensed optical fiber trap},
	journal={Appl. Phys. Lett.},
	volume={66},
	year={1995},
	pages={1584}}

	@article{NirrengartenHaroche2006,
		author={T. Nirrengarten and A. Quarry and C. Roux and A. Emmert and G. Nogues and M. Brune and J.-M. Raimond and S. Haroche},
		title={Realization of a superconducting atom chip},
		journal={Phys. Rev. Lett.},
		year={2006},
		volume={97},
		pages={200405}}

	@article{QuintoSuBigelow2004,
		author={P. Quinto-Su and M. Tscherneck and M. Holmes and N.P. Bigelow},
		title={On-chip optical detection of laser cooled atoms},
		journal={Optics Express},
		volume={12 },
		year={2004},
		pages={5098}}

@article{RennCornell1995,
	author={M.T. Renn and D. Montgomery and O. Vdovin and D.Z. Anderson and C.E. Wieman and E.A. Cornell},
	title={Laser-guided atoms in hollow-core optical fibers},
	journal={Phys. Rev. Lett.},
	volume={75},
	year={1995},
	pages={3253}}

@phdthesis{Shevchenko2004,
	author={A. Shevchenko},
	title={Atom traps on an evanescent-wave mirror},
	school={Helsinki University of Technology},
	year={2004}}

@article{SteinmetzReichel2006,
	author={T. Steinmetz and A. Balocchi and Y. Colombe and D. Hunger and T.W. H{\"a}nsch and R.J. Warburton and J. Reichel},
	title={A stable fiber-based Fabry-Perot cavity},
	journal={Appl. Phys. Lett.},
	year={2006},
	volume={89},
	pages={111110}}

	@article{StickMonroe2006,
		author = { D. Stick and W. K. Hensinger and S. Olmschenk and M. J. Madsen and K. Schwab and C. Monroe},
		title = {Ion Trap in a Semiconductor Chip},
		year = {2006},
		journal = {Nature Physics},
		volume={2},
		pages = {36}}

	@article{TakamizawaReichel2006,
		author = {A. Takamizawa, T. Steinmetz, R. Delhuille, T. W. H{\"a}nsch, and J. Reichel },
		title = {Miniature fluorescence detector for single atom observation on a microchip},
		year = {2006},
		journal = {Optics Express},
		pages = {10976},
		volume={14}}

	@article{TreutleinCalarco2006,
		author={P. Treutlein and T. W. Haensch and J. Reichel and A. Negretti and M. A. Cirone and T. Calarco},
		title={Microwave potentials and optimal control for robust quantum gates on an atom chip},
		journal={Phys. Rev. A},
		year={2006},
		volume={74},
		pages={022312}}

	@article{TrupkeHinds2007,
		author={M. Trupke and J. Metz and A. Beige and E.A. Hinds},
		title={Towards quantum computing with single atoms and optical cavities on atom chips},
		journal={J. Mod. Opt.},
		year={2007},
		volume={54},
		pages={1639}}

	@article{TscherneckBigelow2005,
		author={M. Tscherneck and J. Kleinert and C. Haimberger and M. E. Holmes and N.P. Bigelow},
		title={Creating, detecting and locating ultracold molecules in a surface trap},
		journal={Appl. Phys. B: Lasers and Optics},
		volume={80},
		year={2005},
		pages={639}}
@article{TscherneckBigelow2007,
		author={M. Tscherneck and N. P. Bigelow},
		title={Efficient coherent population transfer between the  a$^3\Sigma$ and the X$^1\Sigma$ states of $^{39}${K}$^{85}${R}b},
		journal={Phys. Rev. A},
		volume={75},
		year={2007},
		pages={055401}}
  
@article{WangWu2004,
	author={Y.-J. Wang and D.Z. Anderson and V.M. Bright and E.A. Cornell and Q. Diot and T. Kishimoto and M. Prentiss and R.A. Saravanan and S.R. Regaland S. Wu},
	title={An Atom Michelson Interferometer on a Chip Using a {B}ose-{E}instein {C}ondensate},
	journal={ArXiv: cond-mat},
	year={2004},
	volume={0407689}}

	@article{WilzbachSchmiedmayer2006,
	author={M. Wilzbach and A. Haase and M. Schwarz and D. Heine and K. Wicker and S. Groth and T. Fernholz and B. Hessmo and J. Schmiedmayer},
	title={Detecting neutral atoms on an atom chip},
	journal={Fortschr. Phys.},
	volume={54},
	year={2006},
	pages={746}}
	%No electronic version

%ELECTROSTATIC/-DYNAMIC & OTHER TRAPPING OF MOLECULES
	@article{BethlemMeijer1999,
		author = "H.L. Bethlem and G. Berden and G. Meijer",
		title = "Decelerating Neutral Dipolar Molecules",
		journal = "Phys. Rev. Lett.",
		volume = "83",
		year = "1999",
		pages = "1558"}

	@article{BethlemMeijer2000,
		author = "H.L. Bethlem and G. Berden and F.M.H. Crompvoets and R.T. Jongma and A.J.A. van Roij and G. 	Meijer",
		title = "Electrostatic trapping of ammonia molecules",
		journal = "Nature",
		volume = "406",
		year = "2000",
		pages = "491"}

	@article{BethlemMeijer2000b,
		author={H. L. Bethlem and G. Berden and A. J. A. van Roij and F. M. H. Crompvoets and G. Meijer},
		title={Trapping neutral molecules in a traveling potential well},
		journal={Phys. Rev. Lett.},
		volume={84},
		year={2000},
		pages={5744}}

	@article{BethlemMeijer2006,
		author = "H.L. Bethlem and J. van Veldhoven and M. Schnell and G. Meijer",
		title = "Trapping polar molecules in an {AC} trap",
		journal = "Phys. Rev. A",
		volume = "74",
		year = "2006",
		pages = "063403"}

	@article{DeMillePetricka2004,
		author={D. DeMille and D.R. Glenn and J. Pericka},
		title={Microwave traps for cold polar molecules},
		journal={Eur. Phys. J. D},
		volume={31},
		year={2004},
		pages={375}}
	
	@article{Friedrich2004,
		author={B. Friedrich},
		title={A quasi-analytic model of a linear {S}tark accelerator/decelerator for polar molecules},
		journal={Eur. Phys. J. D},
		volume={31},
		year={2004},
		pages={313}}

@article{FriedrichHerschbach1995,
	author={B. Friedrich and D. Herschbach},
	title={Alignment and trapping of molecules in intense laser fields},
	journal={Phys. Rev. Lett.},
	volume={74},
	year={1995},
	pages={4623}}

	@article{HudsonYe2004,
		author = "E.R. Hudson and J. R. Bochinski and H. J. Lewandowski and B.C. Sawyer and J. Ye",
		title = "Efficient {S}tark deceleration of cold polar molecules",
		journal = "Eur. Phys. J. D",
		volume = "31",
		year = "2004",
		pages = "351"}

@article{JunglenRempe2004,
	author={T. Junglen and T. Riger and S.A. Rangwala and P.W.H. Pinkse and G. Rempe},
	title={Slow ammonia molecules in an electrostatic quadrupole guide},
	journal={Eur. Phys. J. D},
	volume={31},
	year={2004},
	pages={365}}

	@article{JunglenRempe2004b,
		author={T. Junglen and T. Rieger and S.A. Rangwala and P.W.H. Pinkse and G. Rempe},
		title={Two-dimensional trapping of dipolar molecules in time-varying electric fields},
		journal={Phys.Rev. Lett. },
		volume={92},
		year={2004},
		pages={223001}}

@article{NishimuraGould2004,
	author={H. Nishimura and G. Lambertson and J.G. Kalnis and H. Gould},
	title={Feasibility of a storage ring for polar molecules in strong-field-seeking states},
	journal={Eur. Phys. J. D},
	volume={31},
	year={2004},
	pages={359}}

@article{OspelkausBongs2006,
	author={C. Ospelkaus and S. Ospelkaus and L. Humbert and P. Ernst and K. Sengstock
		and K. Bongs},
	title={Ultracold heteronuclear molecules in a 3D optical lattice},
	journal={Phys. Rev. Lett.},
	year={2006},
	volume="97",
	pages={120402}}

	@article{RangwalaRempe2003,
		author = "S. A. Rangwala and T. Junglen and T. Rieger and P. W. H. Pinkse and G. Rempe",
		title = "Continuous source of translationally cold dipolar molecules",
		journal = "Phys. Rev. A",
		volume = "67",
		year = "2003",
		pages = "043406"}

	@article{RiegerRempe2005,
		author = "T. Rieger and T. Junglen and S. A. Rangwala and P. W. H. Pinkse and G. Rempe",
		title = "Continuous loading of an Electrostatic Trap for Polar Molecules",
		journal = "Phys. Rev. Lett.",
		volume = "95",
		year = "2005",
		pages = "173002"}

@article{VeldhovenMeijer2004,
	author={J. van Veldhoven and J. Kuepper and H.L. Bethlem and B. Sartakov and A.J.A.
		van Roij and G. Meijer},
	title={Decelerated molecule beams for high-resolution spectroscopy},
	journal={Eur. Phys. J. D},
	volume={31},
	year={2004},
	pages={337}}

	@article{VeldhovenMeijer2005,
		author = "J. van Veldhoven and H.L. Bethlem and G. Meijer",
		title = "{A}{C} Electric Trap for Ground-State Molecules",
		journal = "Phys. Rev. Lett.",
		volume = "94",
		year = "2005",
		pages = "083001"}

	@article{KleinertBigelow2007,
		author = " J. Kleinert and C. Haimberger and P. J. Zabawa and N. P. Bigelow",
		title = " Trapping of Ultracold Polar Molecules with a Thin-Wire Electrostatic Trap",
		journal = "Phys. Rev. Lett.",
		volume = "99",
		year = "2007",
		pages = "143002"}


%HETERONUCLEAR MOLECULES - PROPERTIES & EXPERIMENTS USING THE DIPOLE MOMENT
	@article{CharronAtabek2007,
		author = "E. Charron and P. Milman and A. Keller and O. Atabek",
		title = "Quantum phase gate and controlled entanglement with polar molecules",
		journal = "Phys. Rev. A",
		year = "2007",
		volume="75",
		pages ="033414"}

	@article{DamskiZoller2003,
		author = "B Damski and L. Santos and E. Tiemann and M. Lewensteain and S. Kotochigova and P. Julienne and 	P. Zoller",
		title = "Creation of a Dipolar Superfluid in Optical Lattices",
		journal = "Phys. Rev. Lett.",
		volume = "90",
		year = "2003",
		pages = "110401"}

	@article{DeMille2002,
		author = "D. DeMille",
		title = "Quantum Computation with trapped polar molecules",
		journal = "Phys. Rev. Lett.",
		volume = "88",
		year = "2002",
		pages = "067901"}

	@article{HudsonHinds2002,
		author = "J. J. Hudson and B. E. Sauer and M. R. Tarbutt and E. A. Hinds",
		title = "Measurement of the Electron Electric Dipole Moment Using {Y}b{F} Molecules ",
		journal = "Phys. Rev. Lett.",
		volume = "89",
		year = "2002",
		pages = "023003"}
	
	@article{KawallDeMille2004,
		author = "D. Kawall and F. Bay and S. Bickman and Y. Jiang and D. DeMille",
		title = "Precision Zeeman-Stark Spectroscopy of the Metastable {$a^3\Sigma_+$} State of {P}b{O}",
		journal = "Phys. Rev. Lett.",
		volume = "92",
		year = "2004",
		pages = "133007"}

%PATENT
	@article{SingerWeidemueller,
		%author = "K. Singer and M. Tscherneck and M. Eichhorn and M. Reetz-Lamour and M. Weidem\"{u}ller",
		title = "Verfahren und {V}orrichtung zur koh\"arenten {\"U}berlagerung von {L}aserstrahlen aus verschiedenenen {L}aserquellen",
		journal = "German {P}atent",
		year = "2003",
		pages = "{D}{E} 102 43 367 {A}1"}

	@thesis{Mishkat,
		author= "M. Bhattacharya",
		titel="Forbidden transitions in a magneto-optical trap",
		year = "2004"}

%PA
	@article{ThorsheimJulienne1987,
		author = "H.R. Thorsheim and J. Weiner and P.S. Julienne",
		title = "Laser-induced photoassociation of ultracold sodium atoms",
		journal = "Phys. Rev. Lett.",
		volume = "58",
		year = "1987",
		pages = "2420"}

	@article{JonesJulienne2006,
		author = "K.M. Jones and E. Tiesinga and P.D. Lett and P.S. Julienne",
		title = " Ultracold photoassociation spectroscopy: Long-range molecules and atomic scattering",
		journal = "Rev. Mod. Phys.",
		volume = "78",
		year = "2006",
		pages = "483"}
 
%PGC
	@article{DalibardTannoudji1989,
		author = "J. Dalibard and C. Cohen-Tannoudji",
		title = "Laser cooling below the Doppler limit by polarization gradients: simple theoretical models",
		journal = "J. Opt. Soc. Am. B",
		volume = "6",
		year = "1989",
		pages = "2023"}


